=LDR  02118cam a2200313 a 4500
=001  00000014
=003  AR-BaUFI
=005  20141030152055.0
=008  921103m19901991xxua||||\|||||||||||eng|c
=040  \\$aAR-BaUFI
=044  \\$axxu$cus
=080  0\$a628.5
=084  \\$aI58
=245  00$aInnovative hazardous waste treatment technology series
=260  \\$aLancaster, PA : $bTechnomic, $c1990-1991
=300  \\$a3 v. : $bil. ; $c28 cm
=500  \\$aContenido: v.1 Thermal Processes -- v.2 Physical/Chemical processes -- v.3 Biological processes
=650  \7$aRESIDUOS INDUSTRIALES$2EIT$921410
=693  \\$aEMANACIONES INDUSTRIALES
=700  1\$aFreeman, Harry M.$eed.
=786  1\$oAIG
=942  \\$fBKS$n0
=985  \\$aDEP
=997  \\$aMONOGRAFIA
=964  \\$aH4sIANm7J1MAA71X32/aMBB+5684+XkktgOUMEjFKGxI5YeASnurXMcFT4lT2QHaTfvf59B2W7Vq cJtUHpAVf77v7vPl7tI9v88z2CnrdGF6hAWUgDKySLVZ98jValRvk/Ok1pVFlilZelANwB8xrnPv dI9syvKuE4b7/T7YR0Fh1yGnlIWfJ5dLuVG5qGvjSmGkItU5pzvu8PiykKI8MP5mICtksC524aS/ GHAWukzn8Mp2ZS8VNnVhLqz0voSPNp/OVceCe5eSZ0ePcZCkVutaJQubJv5MN1MiVTahNKaRETkI 7kOKGvFWQKNJaTd8AlTYVJTiVqsshVJ4vWgrIqBNynoEDgteLSqkx7rtzSPUq6t6RJBkOOlP+4Px bDpcwnh6cbVcLcb9y+GyGz5jDyThT5ZXOc9aGM7++CPKfMwYxjw9/FgDydHEcORI42cY45PZdPZx 0R+N+8hbOD0ESZIWbwfNlwR/4jKSjJttnBtNiglWGZyUcRtjfQ6cxy1+vWPX7E14+BvxREgeeobi 2QWsHoH6EiBZcNH4QvCPLyuqxrE45sAY0OhYuvtCzCmjwDwe5xJtN1AuVdoipUUVqG+p75bCfmcs RkqLikPiYuCo9BhZ5XuqOXZpNyT5JKx9gElwDHrr602K1J2fLkjpq6Uxxc7PFTsFG/HVjwjF1sFe uFJBaZUoc2VKKJXcmCIr1g/glNXK4TxqoFS8QvbyBirP/LtF6/4PWScapzdERZLVQa9cyxPa1aWf 9Cq57TuYI/tnk2OcimB3NN80SXQWwHvgbZC4mYE2Y8w9DApTKqPTouPdYrDaKJuLDOa2kMo55aBe 9xsc5psHp6XIwoGfV6sF3L2ERPBBV6n5cg/neguVQovhcnxxNfuf+bONmq9WyomtLWB5pw0ytDhG 3cpkNEEGglLuYjj/i/lu+PxF4Ze/Pp6SH2t5tilwDQAA 
=999  \\$c14$d14
=952  \\$00$10$40$50$66285_I58$70$922$aBC$bBC$d1992-11-03$g0.00$o628.5, I58$pP22962_V3_1$r2014-03-19$w2014-03-19$yLI
=952  \\$00$10$40$50$66285_I58$70$923$aBC$bBC$d1992-11-03$g0.00$o628.5, I58$pP22962_V2_1$r2014-03-19$w2014-03-19$yLI
=952  \\$00$10$40$50$66285_I58$70$924$aBC$bBC$d1992-11-03$g0.00$o628.5, I58$pP22962_V1_1$r2014-03-19$w2014-03-19$yLI

