=LDR  03161cam a2200457 a 4500
=001  00000015
=003  AR-BaUFI
=005  20141030152055.0
=008  921123t1986\\\\mx\|||||\|||||||||||spa|c
=020  \\$a9685000751
=040  \\$aAR-BaUFI
=044  \\$amx$cmx
=080  0\$a681.3.06
=084  \\$aG874
=100  1\$aGrogono, Peter$96371
=245  00$aProgramación en Pascal
=250  \\$brev
=260  \\$aMéxico, D. F. : $bSistemas Técnicos de Edición, $cc1986
=300  \\$axi, 371 p. : $bgráfs., tablas ; $c23 cm
=500  \\$aLecturas adicionales p.320-333
=500  \\$aEjercicios al final de cada capítulo
=500  \\$aVersión en español de la obra titulada Programming in Pascal
=504  \\$aIndice de materias
=650  \7$aPASCAL[LENGUAJE DE PROGRAMACION]$2EIT$920361
=650  \7$aLENGUAJES DE PROGRAMACION$2SP
=693  \\$aLENGUAJES ARTIFICIALES
=700  1\$aGuerrero, Gabriel$etr.
=786  1\$oAIG
=942  \\$fBKS$n0
=985  \\$aEE$c1
=997  \\$aMONOGRAFIA
=964  \\$aH4sIANm7J1MAA7WYzW7jNhDH73kKgscikUjJ+kptLQSvY7iwE8POFgsUPdAU42UgiQYpJ37dHvfQ Q9EX6MhJum13UXsWkE+CPJzffzj8mNHw3aGuyJOyTptmRLnHKFGNNKVutiP64f7mKqXv8ouhNFWl ZAtGF4TAkMZdH5we0U9tu7v2/efnZ+859Izd+gFj3P+4mK/lJ1WLK924VjRS0W6c09fu+HpupGiP xH84qIz0tubJXxSrccB9V+mafOPvzl8pbOn8WlgJWvwXn6/jumHewZX0TegpBs0vLoZWSWPLHMYM KyVKZXPGgzhqRE1EACFFLNoLMogYG/qvBp1tKVrxoFVVklbAfLE4pEQ3JR9RcnwIuofOEmzdfvNi CrOrRlTQfD65nX4ofpqsSbG6n93MxrNiPlkP/TfLI8L/m/FNYhJjiMVsinKfcY5xz44/HiEZEYZR I50nGOeLu9u76aq4mRXILJwfgqR5nHIv9Fj8b8bXphXNp2kywEmJGCZg5XDTmaUY70sS8CgJD30y gixIk94Jae+EuGdClPWbh5CHLPuhV8KADVi/MQwiHuAILEER1KPHr1IcARcDHPHfeQyj7i6eZQHh nAThqVMMLli4QDPCUsIzXOTpACMpJerRecigUYQxTn6AStzUmq1pzKnp3MCxqlplkVLOj7MFAEix ohZS/9lAOUiWwklR4YgDVPCLj0jvqLyp0iNWPSERqLJE8iyNkYDzSxNF87V2LVS5jtx/lo2WxpFS kUmpuxydUUgsPh9g0CV575Eb3B5hUYDRedCXJEw42XmnVGmab+1vD867BNCmgtB+hOOESFyFx6IM k6efu1bnZVUrtxN/mKqbx0oQs7GCtLrdV6IU5HUH1NAGgc/v2gA4XZNHZSUkE/IqKvKgG3EUJjsx Uux+B12mT/6sgaWkOmQt4HTRAlcYImlz6CX3FjIuugVsIFjlYMWEAbsKwxBHjlH79EvP9X5Clquu 2l8U49ndbZ/QZbEeF/Nf3tj/Rf+KvBVRLc29cmJvDVnvdIOs9ll6flJLOKHm41NbHpqfYrFAlnCo lfWViJMxojI5mZwRIu9TwXJ1hoIEp4CjesYsTiOoL5MIGSeyHNora5U9px6aio2FN6csH2je2v+7 +4b+22cgePzyxSv/C3diPpolEwAA 
=999  \\$c15$d15
=952  \\$00$10$40$50$6681306_G874$70$925$aBC$bBC$d1992-11-23$o681.3.06, G874$p34512$r2014-03-19$w2014-03-19$yPR
=952  \\$00$10$40$50$6681306_G874$70$926$aBC$bBC$d1992-11-23$o681.3.06, G874$p34040$r2014-03-19$w2014-03-19$yPR
=952  \\$00$10$40$50$6681306_G874$70$927$aBC$bBC$d1992-11-23$o681.3.06, G874$p31309$r2014-03-19$w2014-03-19$yEE
=952  \\$00$10$40$50$6681306_G874$70$928$aBC$bBC$d1992-11-23$o681.3.06, G874$p29593$r2014-03-19$w2014-03-19$yPR
=952  \\$00$10$40$50$6681306_G874$70$929$aBC$bBC$d1992-11-23$o681.3.06, G874$p29286$r2014-03-19$w2014-03-19$yPR
=952  \\$00$10$40$50$6681306_G874$70$930$aBC$bBC$d1992-11-23$o681.3.06, G874$p29288$r2014-03-19$w2014-03-19$yPR
=952  \\$00$10$40$50$6681306_G874$70$931$aBC$bBC$d1992-11-23$o681.3.06, G874$p29287$r2014-03-19$w2014-03-19$yPR
=952  \\$00$10$40$50$6681306_G874$70$932$aBC$bBC$d1992-11-23$o681.3.06, G874$pP21573$r2014-03-19$w2014-03-19$yPR

