=LDR  02823cam a2200433 a 4500
=001  00000017
=003  AR-BaUFI
=005  20141216121037.0
=008  921125t19912012mx\d||||r|||||||1|||spa|c
=020  \\$a9789681813161
=020  \\$a9681813162
=040  \\$aAR-BaUFI$bspa
=041  1\$aeng
=044  \\$amx$cmx
=080  \\$a537.8
=084  \\$aW246
=100  1\$aWangsness, Roald K.$914654
=245  00$aCampos electromagnéticos / $cRoald K. Wangsness
=260  \\$aMéxico, DF : $bLimusa ; $bGrupo Noriega Editores, $cc1991$cc2012
=300  \\$a681 p. : $bgráfs., tablas ; $c25 cm.
=500  \\$aContenido de los capítulos
=500  \\$aRespuestas a los ejercicios impares
=500  \\$aEjercicios al final de cada capítulo
=500  \\$aIndice alfabético
=500  \\$aTítulo original Electromagnetic fields
=650  \7$aELECTROMAGNETISMO$2EIT
=650  \7$aCAMPOS ELECTROMAGNETICOS$2EIT
=700  1\$aErtze Encinas, José Ramón$etr.
=700  1\$aJiménez Domínguez, Rolando V.$erev. téc.
=786  1\$oAIG
=942  \\$n0$2udc$cEE
=964  \\$aH4sIANq7J1MAA7VYW2/aMBR+51dYfpxKEifkQgepEAtVN1IqYGpfjWOoq8RBcSho/3aPfdjT/sCc 9Laq1ciZFB6QIcfn+87VxxmcHbIU3fNCiVwOMTEsjLhkeSLkZoi/LyfdAJ+FnQHL05SzUgt1ENJb pDo9KDHEt2W5PTXN/X5v7B0jLzambVnEvImnC3bLM9oVUpVUMo6rfUqcqvrvac5oWSP+pSDNmbHJ 7814NB/bxFSpyNAHjyt9CS0SZWa0YJqL+ajzaV+1zTioBD8TPYaBw05nUHCWF0mo9wxSThNehBYh tiVphqitTeq5/o6inmtZA/NJoJJNaEnXgqcJKqn2V58QjIRMyBCjemFXi0pSy6rd6lFUe5cPMcWh VX+IPzCfn9VKzRetH2O4EIwMqNyHKI9nl7Pz+WhyMQKhWH5zExgOXcc3grcA7+VSHF7bPQ/Gw7Ug 1nIF82U/gGi/Qrbd991PbWI4pOfYrSM47SI4vu8cWkXwPNeDIVg+CIHfGaTrwhBgNowuzv+zuzgQ GNLv24gQZLvH6lO3WdsiNrJc5BCY5UEPQslF/E4ZQKNBCGMYfRsUuGsqN0pypY45dIXDeU71z28w Y4F8oqL8wVEkmZC0CaevuXpAc5r9lseE1zgsCyj35oEqdaBots0V4tXkUuQZ3ciHUrAc1satHshf 8Q1QO+g0Z7rgSLcqJCBK82Od43Aqsp2iDU7c+OGg/XmCvhhoAoyka0MYeQFBW+MYI4HDTfFzrYwT DbJKqUKfdWdCDDYDWW4fEpLlr3KX5igvxEaXSIqi12zjOttQLQ5MORiD6I4XTDChU13jr2sWCUeM JlR/bWt+beJfyEQwrrHXdFUXWJtgc662O67vANpYlFbV/Wq9yLa0AE5pFgHNgH2diQFxiAcsQCCK H7wAAQ9LD9RPxqP4arZA0TQaL+ezeHR+GS0vxrNFm5hvwRbxDDgNgG4oS67orsjRYiskNDOC5omZ 6F44iY/1J32XGcUxcHQFVcc7EkdthIUuamCi0yaDq3kDBsDa9D3gZP0P9QPz+U2CXr6+NAn/AJUr B6doEQAA 
=997  \\$aMONOGRAFIA
=999  \\$c17$d17
=952  \\$00$10$2udc$40$50$65378_W246$70$934$aBC$bBC$d1992-11-25$eDONACION$o537.8, W246$p36656$r2014-03-19$w2014-03-19$yPR$f2014-08-05$k2014-12-16
=952  \\$00$10$40$50$65378_W246$70$935$aBC$bBC$d1992-11-25$o537.8, W246$p33773$r2014-03-19$w2014-03-19$yPR
=952  \\$00$10$2udc$40$50$65378_W246$70$936$aBC$bBC$d1992-11-25$eDONACION$o537.8, W246$p31433$r2014-03-19$w2014-03-19$yPR
=952  \\$00$10$40$50$65378_W246$70$937$aBC$bBC$d1992-11-25$o537.8, W246$p31432$r2014-03-19$w2014-03-19$yEE
=952  \\$00$10$40$50$65378_W246$70$938$aBC$bBC$d1992-11-25$o537.8, W246$pP22975$r2014-03-19$w2014-03-19$yEE

