=LDR  01687cam a2200289 a 4500
=001  00000022
=003  AR-BaUFI
=005  20141030152055.0
=008  921201s1990\\\\xxu|||||\|||||||||||eng|c
=020  \\$a0070131589
=040  \\$aAR-BaUFI
=044  \\$axxu$cus
=080  0\$a504
=084  \\$aS785
=245  00$aSTANDARD handbook of environmental engineering
=260  \\$aNew York : $bMcGraw-Hill, $c1990
=300  \\$apag.var. : $bgráf. ; $c23 cm
=650  \7$aECOLOGIA$2EIT$917473
=650  \7$aMEDIO AMBIENTE FISICO$2SP$919765
=700  1\$aCorbitt, Robert A.$eed.
=786  1\$oAIG
=942  \\$fBKS$n0
=985  \\$aEE
=997  \\$aMONOGRAFIA
=964  \\$aH4sIANq7J1MAA7VX247aMBB95ytGft/ENoQk25BVygJF4lIBK7VPlUkM624Sr5wsrFT1Y/sndVjo RV0VplJ5MmHmnJmT8cwQ3TwXOeykqZQue4Q5lIAsU52pctsjd6vhVUBu4laU6jyXaW2NWgDWpayu nyvVI/d1/Xjtuvv93tm3HW22LqeUuR+mk2V6LwtxpcqqFmUqSeNXqevq8HiiU1EfGH8ByHXqbPXO nSaLPmdulasCXvm5wcuEySq3ECa1sbgvmEe/xs15rjJyCvQcB4lbrcjIVJsstj5RLkUmTUyp3wlK UYDgNqV2238S0PEojdyjQWObiVpslMwzqIXVi/pdAqrMWI/A4cCbQ2Npbaun9YupVVf2iCBxMh5F 7unxAc/9AfgafMgYBp4ePpwjOTwMR4EE9zHg0/lsPlokw3GCYqH+5SmkJPZo53f4P61yEi/9wMNF 4VFMrrLEKRkGGPT3wHno+58YUkgUifzsIPFxSdjr8o8l3cbQsDDkwDhQdq4sbOtouh1QD3gXl3nQ QYVkpUUqi7rFXzLb3oX5yroUqSwqjT4uB46qjr42a1XX597ZmsQLvZamhsQ5Z7uxNZ0hheeXK1Lb rrJKZrfJ4hbu7Uxba/0AemPn704ZXRayrEVuv21VKaWxAxkXSQcl390SiY4qMHuncJVFO5dPCmkn RToyYn/1TuX5Bb18JvfwUZsHZD/nmIgexdbZCXO2xhSJt+bbxoE3wNuQ4uYp7aLewnRwO55DMn07 HsxWAxiOl+P+/H8SDvrzyXyEHd8BaklYyUo8GQ3LR3tNKuQQDVHyDafIRHBiDZDDGSXTcQPAUTDU CmM3ZsrazAvCv7BE7mnVtsef/yri74qVjhWJDAAA 
=999  \\$c19$d19
=952  \\$00$10$40$50$6504_S785$70$942$aBC$bBC$d1992-12-01$g0.00$o504, S785$pP22977_1$r2014-03-19$w2014-03-19$yLI

