=LDR  02377cam a2200385 a 4500
=001  00000024
=003  AR-BaUFI
=005  20141030152055.0
=008  921204t1957\\\\xxu|||||\|||||||||||eng|c
=040  \\$aAR-BaUFI
=044  \\$axxu$cus
=080  0\$a620.17
=084  \\$aS416
=245  04$aThe science of engineering materials / $cJ. E. Goldman
=260  \\$aNew York : $bWiley, $cc1957
=300  \\$axv, 528 p. : $bfotos, gráfs., tablas ; $c23 cm
=504  \\$aIndice de temas
=504  \\$aIndice de nombres
=504  \\$aBibliografía y referencias bibliográficas al final de cada capítulo
=650  \7$aPOLIMEROS$2EIT$920599
=650  \7$aVIDRIO$2EIT
=650  \7$aCEMENTOS$2EIT$916296
=650  \7$aDISLOCACIONES[CRISTALES]$2EIT$917352
=650  \7$aFENOMENOS SUPERFICIALES$2EIT$918261
=650  \7$aDISPOSITIVOS SEMICONDUCTORES$2EIT$917404
=650  \7$aESTRUCTURA CRISTALINA$2EIT$918064
=650  \7$aFISICA DEL ESTADO SOLIDO$2EIT$918329
=700  1\$aGoldman, Jacob E.$eed.$d1921-
=786  1\$oAIG
=942  \\$fBKS$n0
=985  \\$aDEP$c1
=997  \\$aMONOGRAFIA
=964  \\$aH4sIANy7J1MAA71Y3W7qRhC+z1OM9jqxvQ4EnIKPXGOirTBGNpy2qnqx2GuyrX8i24Scxz0PcN6h Ayfpj05UM5UoEtZiz873fbOzM2smH17KAp5V0+q6mjJuWAxUldaZrnZTtlnPb8bsg3s1SeuiUGmH RlcAOKVq719aPWWPXfd0b5qHw8E43Bp1szNty+LmT+EiSR9VKW901XayShU7zmv1fXu6vahT2Z0Q /+agqFNjVz+boRf7NjfbQpfwzuOjv0w2WWuWskmRi/nV5+u84zTjpc3YG9E+DOZeXU0aldZN5uKc SaFkphrX4pbDK1mCtFHSwOZ7CYOhZU3MV4OjbSY7mWtVZNBJjJc1umOgq4xPGZwG9nFwtETbdr/9 aorRVVMmmeuJh4n5dvvkz/zT4XvuHc4p7q3Txx4QMYYUjJLofERxHkbL6CH25sIjoVij8yWkzL2z LYOP/onwrWHB3GTA72hEhhZFrqpowXTGFO8rsG1nNCZGkgShfjM4zT9NAu6X/5jTtxQY7jg2cBus QV9SYO3A2uAAt4DTKFnjAYkSYGyJmkkAPo29TVq3h7rISln1RXPL3B9kWm8hMPpMs+Mq2fymzy7H pMxogcPkOltbx9z1o4I21dgzFdQ59s6drpRqsH1CKTscyKLtY9mgcANVw7uB6uM7IK3FJiF6J7WD lDvDERHg/JagmPujLtSnM2r1Uh3g57r5nVivbQqXl+drGNpjeOpNV83cvO7q9hp2zee8Na4Rb1vI Fr4D+xZSWhO1hg5lSb7X20LXu0bmXyR8gkblqsFs1Yi+fX30Odcp/pQF5LrCa6YglZnEy9OXbl/U l6Qnqkzj1kHIqi63jWr/H7AOD4xEqDvSTpiLRPgezIIFBMnam0WQRAsxiy6JiUDxxl9vYg/8WCDq QiyJRyca4EwkqygRa/ExSiAJQuFHyxkyiOKAWGaIwQ2WUYhfBN2sgngufOEtLguJUheR7/kiWgbJ L6/hDZJfL4npByhyHV1U10cxi8VFs3KFeR8GMVXGmPSqEGjATtzKfbMnbuvx+RUETx3hPOwr9vhK 4YUh7bDmkMrYNyR6NdJSPVidofHfTvoT8+19God//XXg/gGyyAXvbhAAAA== 
=999  \\$c21$d21
=952  \\$00$10$40$50$662017_S416$70$944$aBC$bBC$d1992-12-04$o620.17, S416$pP22978$r2014-03-19$w2014-03-19$yLI

