=LDR  01749cam a2200301 a 4500
=001  00000038
=003  AR-BaUFI
=005  20150910102630.0
=008  921210s1929\\\\xxu|||||\|||||||||||eng|c
=040  \\$aAR-BaUFI
=044  \\$axxu$cus
=080  0\$a519.66
=084  \\$aS656
=100  1\$913270$aSmith, Percey F.$q(Percey Franklyn)$d1867-$cDr.
=245  00$aMathematical tables and formulas
=260  \\$aNew York : $bWiley, $c1929
=300  \\$a66 p. : $btablas ; $c19 cm
=650  \7$aMATEMATICAS$2SP
=650  \7$aTABLAS MATEMATICAS$2SP$922015
=650  \7$aFORMULAS MATEMATICAS$2SP$918424
=700  1\$aLongley, William Raymond
=786  1\$oAIG
=942  \\$fBKS$n0
=985  \\$aEE
=997  \\$aMONOGRAFIA
=964  \\$aH4sIAOC7J1MAA71XXU/bMBR976+w/E5ipyTELA3KKoqQWpjaom1Pk0lM6+HYlZ3SVtP++5wA+9DQ 2ovEokaymnvPuR/HuU52tq0VehDWSaMHmAYEI6FLU0m9GOCb+egoxWd5LyuNUqJsvFEPIe+i3enW yQFeNs3qNAw3m02w6QfGLsKIEBp+moxn5VLU/Ehq13BdCtz6OXnqur/HpuRNx/gbgDJlsDAP4aSY DiMaOiVr9MLjFq/itnJhzW3pYwkfMZ/8Wrdg6yr8HOg+Dpz3epkVpbFV7n0yJXglbE5ISmLNa8Qj n1I/oWuOjmNCsvDJoLWteMPvpFAVarivFzk5wUjqig4w6hZRu2gtva1b3z6a+uqKAeY4/4CiiDGa hc+POszwJ+jLFAmEori8AMEzSiHwpLv6KZAjhnDUQHBQCybXV9cX02J0WQC7cHgKJc5jyoIk+ZPh b0OF81kSJ7BAYgJJV2hYMVn6Cj1/gSoaRCK+BkB8WBJ+x7xS1X0IDWUsQtT/CCyZ9BjEgny5gNUC bc5vlR8M3H6PYGkwCkpjCEshAjV8VstmuW9v3np1C1uKHRpZru/VTu/zqHz10+Tk6C1DHxu9UGJ3 QPAfpVLSD7Mp39VGV8CgDm9W41+pvGnHcSNLrjzArRIO+YmN7oyt14o7GPcxqCA3MyA6SOyURQyI f/gwEl2T9jfTT4krsUGfjb1/y1iGS76q+V6Vq06ElYHNFRJHkFiSBK2CfZFInLdi4w69Q5ShEnZs IAlICaPr6eRmXMzQpJif+/tyWACVB+ObF+//I9uraVLQ2WsuHF9bg2YrqQXstcAYAx0h74BqSEH1 Oj//B3oWPn9b+OWvz6j8Byv/KYB6DQAA 
=999  \\$c34$d34
=952  \\$00$10$40$50$651966_S656$70$957$aBC$bBC$d1992-12-10$g0.00$o519.66, S656$pP22991_1$r2014-03-19$w2014-03-19$yLI

