=LDR  01622cam a2200277 a 4500
=999  \\$c36$d36
=001  00000040
=003  AR-BaUFI
=005  20220713131519.0
=008  921210s1968\\\\xxu|||||\|||||||||||eng|c
=040  \\$aAR-BaUFI$bspa
=044  \\$axxk$cgb
=080  0\$a656.1
=084  \\$aR287
=245  00$aReadings in urban transportation / $cedited by George M. Smerk
=260  \\$aBloomington : $bIndiana University, $c1968
=300  \\$a336 p.$c23 cm
=650  \7$aTRANSPORTE PUBLICO$2SP$922417
=650  \7$aTRANSPORTE URBANO$2SP$922418
=700  1\$aSmerk, George M.$eed.
=786  1\$oAIG
=942  \\$n0$2udc$cDEP
=964  \\$aH4sIAOC7J1MAA71W34+iMBB+969o+r60FEEwyAaNa0x0NajJvV0qVJc7KKbF1cvm/vcr7Ho/cpvT 2YcjPDQw832db6adCe/PZYGehdJ5JQfYtihGQqZVlsv9AG/WD3c+vo86YVoVhUhrY9RByLhI3T/r fICf6vrQJ+R0Olknx6rUnjBKbfJpPlulT6Lkd7nUNZepwI2fzvu6/TyrUl63jL8BFFVq7atnMo+T EbOJLvISvfO7wcu4yjQpuUrNXsgr5ptf42addYYvG73GgaNOJ1QirVQWGZ+wEDwTKqK0Rx3JS8SZ Cclh7pGjrktpSN4MGtuM13yXiyJDNTd60V4Po1xm9gCjdsGaRWNpbPVx+2pq1BUDzHG0RIwFgROS y68Wk/wEfZ/Cg1DE0wkIPrBtCDxtny4FcrgQjhIIDkrBfPG4mCTxwzQGZuH2EFIcea5n2cRy/+T4 27TAUcL8HmwrLoUELCRMzsD/QEV/toFqgkjEFwuIDwvCnJkP1rUDobGDgCHbvDAW6ndBLMjIBVQL dDxfMtMauPrOoGKBwhjBQmCghK9Kob5eO5tbHE2EaXACza1rtjtTpBlQdXa7HrW5JkwPMi1aG0t0 VFsuUa241IdK1W1jhXF3QXJtVkB0UD3ZgecD8W+/8QWOpjLLueRoI/N27Km/3XArD4uqKo3eNVRZ l0H25jgeOlytrhxHzEEprC9SD5SFdRI/rpaLZD1Gm2QYPy7+E9lyM5xNR0A2H9Ty10Lzo6rQ6pBL oYHdMABNLjtgjnyQbOPxP9BDchlpzfLX9B79AKPxSEvxCwAA 
=985  \\$aEE
=997  \\$aMONOGRAFIA
=952  \\$00$10$2udc$40$50$66561_R287$70$959$aBC$bBC$d1992-12-10$g0.00$o656.1, R287$p47625$r2014-03-19$w2014-03-19$yDEP

