=LDR  02113cam a2200373 a 4500
=001  00000047
=003  AR-BaUFI
=005  20141030152055.0
=008  930218t1992\\\\ag\|||||\|||||||||||spa|c
=020  \\$a9501512320
=040  \\$aAR-BaUFI
=041  1\$aspa
=044  \\$aag$car
=080  0\$a339.9
=084  \\$aT542
=100  1\$aThurow, Lester C.$913903
=245  03$aLa guerra del siglo XXI / $cLester Thurow
=260  \\$aBuenos Aires : $bVergara, $cc1992
=300  \\$a373 p.$c22 cm
=500  \\$aNotas bibliográficas p.349-373
=500  \\$aTítulo original Head to head
=650  \7$aECONOMIA DE MERCADO$2SP$917487
=650  \7$aCOMERCIO INTERNACIONAL$2EIT$916549
=650  \7$aMERCADO INTERNACIONAL$2SP$919794
=650  \7$aPOLITICA COMERCIAL[INTERNACIONAL]$2SP$920614
=650  \7$aPOLITICA ECONOMICA$2SP$920627
=700  1\$aLeal, Aníbal Carlos$etr.
=786  1\$oAIG
=942  \\$fBKS$n0
=985  \\$aDEP$c1
=997  \\$aFICCION
=964  \\$aH4sIAOK7J1MAA71X3W7aMBS+5ymOfN/E+SukglRZSrdIASrKpkrTLkziBk8hRnYofd09QN9hDqXd qlYLZ1LLDYYcf993jn1+Mjy/X1dwx5UWsh4Rx6IEeJ3LQtTliHxdXJ4MyHnUG+ayqnjeGKMegNlS 67N7LUZk1TSbM9ve7XbWzrOkKm2XUse+mWTX+Yqv2YmodcPqnJN2nxZnev93JnPW7Bn/AqhkbpXy zp7E88R1bF2JNbzxuMUrmCq0vWYqN1rsR8zDvnabda8L8iS0i4NEvd5Q8VyqIjJ7hhVnBVcRpWGf 1mwNzDUueWF/y8APKB3aB4PWtmANuxW8KqBhJl6h4xAQdeGMCOwXbrtoLY2t3i4fTU10+YgwYija j98f2k/P9qD2M+rbHAGGY40E72PAL9MkSWdTFAXtH68/J5HnhVb4kuC1XUWiReC7OB0BxbjKNS6Q 4QCDfgWu51IfGUgUBf9pOTh8nAtx+vk/77OHoXHC0APqgjPouhQmsV3quEBDoB7O84GPkgQmtkif UQQJTr2LOrfFaqvkriuYSxJlXDdcQYJzFakm46w6QktcPyxZBQlTldRd9rckahRW9fEH1BjVDMot V4pBwSvQoqwk3NykXcLUc1DfOoQuiT4uPedIdFSXyU1aIsuvf3yn4ST6xlXJFDuiEXza8lpqiIVC lmwauBhFXt+DjdUlSJgi5EKO68I0CFEZ/NBszYWTSpSiNlnxxcwn0EhYme/35J3KhmlYimUlZKl+ 3Yrc/NxYnh+emODgmB1UMw4D6gRO2zJxLKeoS301y9JFmsQwTmbT2cSsPoQtmU3G8ySNs+/pdDGe T+N2xIqzH+9J3jLGFzN4wfiehAcnP5DxcIgxXIzh4C5yKECNxguumanpcL0RNbYQDY5Pw4JE11nS VYXMHB1PJsgBFlULXono9BF1eBfjqyN8RM63/VPkfPsP+KH99AZpln9elqPfmX8pOGAPAAA= 
=999  \\$c42$d42
=952  \\$00$10$2udc$40$50$63399_T542$70$965$aBC$bBC$d1993-02-18$eDONACION$o339.9, T542$p45421$r2014-03-19$w2014-03-19$yDEP

