=LDR  02150cam a2200349 a 4500
=001  00000048
=003  AR-BaUFI
=005  20141030152055.0
=008  930219t1970\\\\mx\|b|||\|||||||||||spa|c
=040  \\$aAR-BaUFI
=044  \\$amx$cmx
=080  0\$a336.71
=084  \\$aD291
=245  04$aUna década de lucha por América Latina : $bla acción del Banco Interamericano de Desarrollo
=260  \\$aMéxico, D. F. : $bFondo de Cultura Económica, $cc1970
=300  \\$alxxv, 582 p. : $bgráfs., mapas, tablas ; $c23 cm
=490  0\$aSección de obras de economía
=500  \\$aSiglas utilizadas
=650  \7$aHISTORIA$2SP$918855
=650  \7$aBID$2SP$915965
=650  \7$aAMERICA LATINA$2BIBTHES
=650  \7$aBANCOS DE DESARROLLO$2SP$915921
=700  1\$aTomassini, Luciano$ecolab.
=700  1\$aCalvo, Alberto$ecoord.
=786  1\$oAIG
=942  \\$fBKS$n0
=985  \\$aDEP$c1
=986  \\$as
=997  \\$aINFORME
=964  \\$aH4sIAOK7J1MAA7VXW2/aMBR+76848nObOKFA0kGmjMuGBKUCKu3VOC715NjIDi3av91jH/bUPzCH trto1ciZVISEFY6/7zsX+5z03u9LBXfCOml0n0QBJSA0N4XUmz65Xo3PEvI+O+lxo5TglTc6AfBb tLvYO9knt1W1vQjD+/v74L4VGLsJY0qj8PNsuuS3omRnUruKaS5Ivc/JC3d4PDWcVQfG3wCU4cHG 3IWzfDGIo9ApWcIrf9d4BbOFC0tmudcSPmE+76u3BXtXkBehxzhIdnLSs4IbW2R+T08JVgibUZp2 O5qVwGLvUitp7xictynthc8GtW3BKnYjhSqgYj5etNshIHUR9QkcFnG9qC29rdutn0x9dEWfMJLl k4+98OXxAS/8CfgafBpFGHh6+JwnSI42hqNEgqPi45DgXQz45HI8X8xGKArabR4cTrJWqxN0oz8Z /jZUJBvGaYQT0qYYXwUykmmCQb+CuBXTDjKSKArxJUAGCOeCP4n/eVpaGJooTVtAY4jSY0XhbyV/ 66QQUYiRnifnKEngY4v0GUUwwKmPUXkbMHVnjsVy7fOr1sJWRy1vSMaN7wO4gCA1r0zJnJNaNtA9 3XHJdDPdiq2xupsnsiLZtWZQPHBW+B8BasdvGWyNhbx8sJIzmPqOrtkxqY5kigHjXD5qj6Pgg58O DEx0JSwrRY2kTU0wFI5Z68cOg3Oq1bzFeKeW4kUJmLVlrl74UUCb8jvD8Z6jimD2GYmO6so8SrsU SdC8eQqSjY0uDlka7FS1swxGPmaPpU9eg243e9hLbk5hGMAYWbHtGKNS7fd3p9BOYtgGx3RJkm3s txsXnELJtsydesa18gXxznc34Lg5h7ZTTLqWclMz7Sqp5Fd/vnDdmnZQtfEhvxzMlzAc+e8yXyzm 0+n8Lfny2WgxGeQwzVeTy/xNPZsM3xL+02S5mi8mSBcS1FC68pfezhpYbqVGDm00aV5zha+56eDY keB18mbIyRFV+LMxDp4mqIwNR1cNfPzXeNULX14M/fLXO3D2A9WlNJw3DwAA 
=999  \\$c43$d43
=952  \\$00$10$2udc$40$50$633671_D291$70$966$aBC$bBC$d1996-02-19$eDONACION$o336.71, D291$p45326$r2014-03-19$w2014-03-19$yDEP

