=LDR  01207cam a2200337 a 4500
=001  00000050
=003  AR-BaUFI
=005  20141030152056.0
=008  930223s1983\\\\xxuaob||rf|||\001|0\eng|c
=020  \\$a0471082090
=040  \\$aAR-BaUFI$bspa
=044  \\$axxu$cus
=080  0\$a620.91$x(035)
=084  \\$aM613
=245  00$aHandbook of energy technology and economics / $cEdited by Robert A. Meyers
=260  \\$aNew York : $bWiley, $cc1983
=300  \\$axiv, 1089 p. : $bil., fotos, gráfs., láms. (plegs.), mapas, tablas ; $c23 cm.
=500  \\$aA Wiley-Interscience Publication
=504  \\$aReferencias bibliográficas al final de cada capítulo
=504  \\$aIndice alfabético p.1053
=650  \7$aENERGIA$2Tesauro de Tecnología Industrial y Ciencias Aplicadas$917707
=650  \7$aFUENTES DE ENERGIA$2Spines
=650  \7$aECONOMIA DE LA ENERGIA$2Spines
=650  \7$aMANUALES$2Engineering Information Thesaurus
=700  1\$aMeyers, Robert Allen$d1936-$eed.
=786  1\$oAIG
=942  \\$n0$2udc$cREF
=985  \\$aREF
=997  \\$aMANUAL
=999  \\$c45$d45
=952  \\$00$10$2udc$40$50$662091035_M613$70$968$aBC$bBC$c05$d1993-02-23$eDONACION$o620.91(035), M613$pP23208$r2014-03-19$yREF

