=LDR  01095cam a2200313 a 4500
=001  00000051
=003  AR-BaUFI
=005  20141030152056.0
=008  930215s1968\\\\xxuoe|||rf||||||1|||eng|c
=020  \\$a007023115X
=040  \\$aAR-BaUFI$bspa
=044  \\$axxu$cus
=080  0\$a624.078$x(035)
=084  \\$aG287
=245  00$aStructural engineering handbook / $cEdited by Edwin H. Gaylord ; Charles N. Gaylord
=260  \\$aNew York : $bMcGraw-Hill, $cc1968
=300  \\$axviii, [1181] p. : $bfotos, gráfs., planos, tablas ; $c23 cm.
=504  \\$aReferencias bilbiográficas al final de cada capítulo
=504  \\$aIndice alfabético
=650  \7$aMANUALES$2Engineering Information Thesaurus
=650  \7$aTECNOLOGIA DE LA CONSTRUCCION$2Spines$922065
=700  1\$aGaylord, Edwin Henry$d1903-$eed.
=700  1\$aGaylord, Charles N.$eed.
=786  1\$oAIG
=942  \\$n0$2udc$cREF
=985  \\$aREF
=997  \\$aMANUAL
=999  \\$c46$d46
=952  \\$00$10$2udc$40$50$6624078035_G287$70$969$aBC$bBC$c05$d1993-02-15$eDONACION$g0.00$o624.078(035), G287$pP22999$r2014-03-19$w2014-03-19$yREF

