=LDR  01725cam a2200301 a 4500
=001  00000054
=003  AR-BaUFI
=005  20141030152056.0
=008  930218s1984\\\\xxu|||||\|||||||||||eng|c
=020  \\$a0070454876
=040  \\$aAR-BaUFI
=044  \\$axxu$cus
=080  0\$a621.38:681.3
=084  \\$aP243
=100  1\$aParker, Sybil P.
=245  00$aMcGraw-Hill encyclopedia of electronics and computers
=260  \\$aNew York : $bMcGraw-Hill, $c1984
=300  \\$a964 p. : $bgráf. ; $c28 cm
=650  \7$aENCICLOPEDIAS$2SP
=650  \7$aCOMPUTADORAS$2BIBTHES$916626
=650  \7$aELECTRONICA$2SP$917623
=786  1\$oAIG
=942  \\$fBKS$n0
=985  \\$aREF
=997  \\$aENCICLOP
=964  \\$aH4sIAOS7J1MAA7VX247aMBB95yssv5M4TggJDVmhLLtF4iYuUvtUGcew7iYxcsLCqurH9k/qsNB2 1VVhVmpeYpGZc2aOx54hujnkGXoSupSq6GLHIhiJgqtUFpsuXi7umgG+iRsRV1kmeGWMGggZl6Ls HErZxQ9Vte3Y9n6/t/aupfTGpoQ49qfRcM4fRM6asigrVnCBa79Sdsrjz0PFWXVk/AMgU9zaqCd7 1Jsl1LHLTObojc81Xsp0Wto509zEYr9gnvxqN+tQpvgc6CUOHDcakRZc6TQ2PlEmWCp0TEjbbxcs R4yalFwv3DHktQiJ7JNBbZuyiq2lyFJUMaMXabcxkkXqdDE6Lmi9qC2NbblbvZgadUUXMxxPEXUp cSP7/OmIaf8CfZvCh1D0Bvcg+NBxIPDk+LQ8IEcLwpEDwUFb0B8ng2Q4mQL34PoEOI596lhu0PED 83rN87d5ZqqCesCSaBFIyqKACRoG76jpLw5QURCJ+GoB8WFJmFPzzsp2ITROGLqIUOQEsGQCD8SC jFxAtUAH9FtqmgPT310CFAuURgJLgcKqlulHoS8dzhWO588rmaEpUE96faYVjkf8XrN986PMsroX P/NMbUUqGVJrJOourFUheYlMGzRO+XZXmfYNC8gDqbOcA9FB5eOEAeyUEe/6K168kvOK23cs9uiz 0o/AG5hCIgp9D22tS8FIHG/0j7WFPiAaIJ4Da84HbUJ/2E8Ws8l4kPT+J00yGU2Xi97tZNYD1hQw nVNb798OoEQBaH5YiJLttELzrSwE7BCGYQgag9awQYgEIMVm/TsYvAMaOsw0ba4FL2j7/2CJ7PMY bpa//3HEPwHRpgxVpQwAAA== 
=999  \\$c49$d49
=952  \\$00$10$40$50$6621386813_P243$70$972$aBC$bBC$d1993-02-18$g0.00$o621.38:681.3, P243$pP23203_1$r2014-03-19$w2014-03-19$yREF

