=LDR  01214cam a2200349 a 4500
=001  00000055
=003  AR-BaUFI
=005  20141030152056.0
=008  930218s1982\\\\xxua||||rf||||||1|||eng|c
=020  \\$a0471058416
=040  \\$aAR-BaUFI$bspa
=044  \\$axxu$cus
=080  0\$a658.5
=084  \\$aS183
=245  00$aHandbook of industrial engineering
=260  \\$aNew York : $bWiley, $cc1982
=300  \\$axxv, (2011 p.) : $bil., gráfs., tablas ; $c23 cm.
=504  \\$aContenido
=504  \\$aSumario y conclusiones, referencias bibliográficas y bibliografía al final de cada capítulo
=504  \\$aIndice alfabético
=650  \7$aMANUALES$2Engineering Information Thesaurus
=650  \7$aINGENIERIA DE LA PRODUCCION$2Spines$919080
=650  \7$aGESTION DE LA PRODUCCION$2Spines$918682
=650  \7$aINGENIERIA INDUSTRIAL$2Engineering Information Thesaurus
=650  \7$aERGONOMIA$2Engineering Information Thesaurus$917910
=700  1\$aSalvendy, Gavriel$eed.$d1938-
=786  1\$oAIG
=942  \\$n0$2udc$cREF
=985  \\$aREF
=997  \\$aMANUAL
=999  \\$c50$d50
=952  \\$00$10$2udc$40$50$66585_S183$70$973$aBC$bBC$c05$d1993-02-18$g0.00$o658.5, S183$pP23202$r2014-03-19$w2014-03-19$yREF

