=LDR  01389cam a2200397 a 4500
=001  00000061
=003  AR-BaUFI
=005  20150626130822.0
=008  930226s1974\\\\sp\ao|||rf||||||1|||spa|c
=020  \\$a8470881434
=040  \\$aAR-BaUFI$bspa
=041  \\$heng
=044  \\$asp$ces
=080  0\$a628.51
=084  \\$aL9621
=100  1\$aLund, Herbert F.
=245  00$aManual para el control de la contaminación industrial
=260  \\$aMadrid : $bInstituto de Estudios de Administración Local, $cc1974
=300  \\$axxii, 1043 p. : $bil., fotos, gráfs., tablas ; $c23 cm.
=500  \\$aTítulo original de la obra Industrial pollution control handbook
=500  \\$aResumen general p.973
=504  \\$aIndice analítico
=504  \\$aGlosario p.975
=504  \\$aIndice de materias p.1031
=650  \7$aRESIDUOS INDUSTRIALES$2Engineering Information Thesaurus$921410
=650  \7$aCONTROL DE LA CONTAMINACION$2Engineering Information Thesaurus$916830
=650  \7$aCONTAMINANTES$2Spines$916794
=650  \7$aCONTAMINACION$2Engineering Information Thesaurus
=700  \\$aBernáldez, Aurora$etr.$92013
=700  \\$aBlasco, Carlos$etr.$92222
=786  1\$oAIG
=942  \\$n0$2udc
=985  \\$aREF
=997  \\$aMANUAL
=999  \\$c55$d55
=952  \\$00$10$2udc$40$50$662851_L9621$70$980$aBC$bBC$c05$d1993-02-26$g0.00$o628.51, L9621$pP23211$r2014-03-19$w2014-03-19$yREF

